@inproceedings{Stadelmann:1993:SBC:168642.168664,
  author = 	 {Stadelmann, Marc},
  title = 	 {A Spreadsheet Based on Constraints},
  booktitle = 	 {Proceedings of the 6th Annual ACM Symposium on User
                  Interface Software and Technology},
  series = 	 {UIST '93},
  year = 	 {1993},
  isbn = 	 {0-89791-628-X},
  location = 	 {Atlanta, Georgia, USA},
  pages = 	 {217--224},
  numpages = 	 {8},
  url = 	 {http://doi.acm.org/10.1145/168642.168664},
  doi = 	 {10.1145/168642.168664},
  acmid = 	 {168664},
  publisher = 	 {ACM},
  address = 	 {New York, NY, USA},
  keywords = 	 {APL, constraint satisfaction, constraints, matrices,
                  spreadsheets, user-interface, vectors},
  abstract = 	 {An abstract is not available.},
  fullTextUrl =  {http://dl.acm.org/ft_gateway.cfm?id=168664&ftid=33824&dwn=1&CFID=746021857&CFTOKEN=16202337},
  review = 	 {fbie: accepted <2016-01-18 15:12:48>},
}
