@article{Fischer:2004:MME:1015864.1015884,
 author = {Fischer, G. and Giaccardi, E. and Ye, Y. and Sutcliffe, A. G. and Mehandjiev, N.},
 title = {Meta-design: A Manifesto for End-user Development},
 journal = {Commun. ACM},
 issue_date = {September 2004},
 volume = {47},
 number = {9},
 month = sep,
 year = {2004},
 issn = {0001-0782},
 pages = {33--37},
 numpages = {5},
 url = {http://doi.acm.org/10.1145/1015864.1015884},
 doi = {10.1145/1015864.1015884},
 acmid = {1015884},
 publisher = {ACM},
 address = {New York, NY, USA},
  abstract = 	 {},
  fullTextUrl =  {http://dl.acm.org/ft_gateway.cfm?id=1015884&ftid=273972&dwn=1&CFID=574747772&CFTOKEN=80047865},
}

@inproceedings{Costabile:2010:EDS:1842993.1843078,
 author = {Costabile, Maria Francesca and De Ruyter, Boris and Mehandjiev, Nikolay and Mussio, Piero},
 title = {End-user Development of Software Services and Applications},
 booktitle = {Proceedings of the International Conference on Advanced Visual Interfaces},
 series = {AVI '10},
 year = {2010},
 isbn = {978-1-4503-0076-6},
 location = {Roma, Italy},
 pages = {403--407},
 numpages = {5},
 url = {http://doi.acm.org/10.1145/1842993.1843078},
 doi = {10.1145/1842993.1843078},
 acmid = {1843078},
 publisher = {ACM},
 address = {New York, NY, USA},
 keywords = {ambient intelligence, annotations, component-based systems, design pattern, end-user composition, end-user development, household appliance, meta-design, process modeling, service composition approaches, service-oriented architectures, web services},
  abstract = 	 {End-User Development (EUD) has traditionally been focusing on non-programmers tailoring or even creating software artifacts, often in organizational context. Some examples of successful EUD concepts include spreadsheet and word processing macros and the specification of e-mail filters by means of rules. Recent developments, such as Web 2.0 and Semantic Web, which enable end users to be contributors rather than just consumers of information on the WWW, have renewed interest in EUD research and applications. This trend is now moving from content and personalization to functionality in the direction of user-generated web services. Various on-going projects are already considering this new trend, but primarily from a technology perspective. The workshop aims at establishing a new forum for discussion and fruitful cross-fertilization of ideas among all the communities that can contribute to and benefit from allowing end users to generate web services: human-computer interaction, software engineering, artificial intelligence, computer-supported cooperative work and innovation management.},
  fullTextUrl =  {http://dl.acm.org/ft_gateway.cfm?id=1843078&ftid=829047&dwn=1&CFID=574747772&CFTOKEN=80047865},
  review = 	 {fbie: rejected <2016-01-12 13:24:02>},
}

@inproceedings{Ruhi:2014:PPE:2656450.2656490,
 author = {Ruhi, Umar},
 title = {Prospects \&\#38; Practices for End-user Development Activities in Business Computing Education},
 booktitle = {Proceedings of the 15th Annual Conference on Information Technology Education},
 series = {SIGITE '14},
 year = {2014},
 isbn = {978-1-4503-2686-5},
 location = {Atlanta, Georgia, USA},
 pages = {1--2},
 numpages = {2},
 url = {http://doi.acm.org/10.1145/2656450.2656490},
 doi = {10.1145/2656450.2656490},
 acmid = {2656490},
 publisher = {ACM},
 address = {New York, NY, USA},
 keywords = {EUD, education, end-user development, information literacy, information science, information systems, pedagogy},
  abstract = 	 {Many academic courses geared towards improving computer and information literacy (CIL) among non-IT specialists draw upon end-user development (EUD) activities where the end-user assumes a central role in creating or modifying software artefacts. Traditional examples of EUD in educational contexts include exploring and manipulating features and functions in software packages such as spreadsheets &#38; databases, working with simulations, developing websites, utilizing content feeds from a variety of information sources, and creating mashups and widgets with diverse functionality. Although the benefits of improving computing education with EUD practices has been acknowledged in the extant literature, guidelines for the inclusion of EUD-based tasks and tools in academic programs have not been documented in as much detail. The objective of this workshop is to discuss and demonstrate use-cases for EUD based pedagogical components in business computing education, especially so as to meet the objectives set out in model curricula by ACM and AIS.},
  fullTextUrl =  {http://dl.acm.org/ft_gateway.cfm?id=2656490&ftid=1505388&dwn=1&CFID=574747772&CFTOKEN=80047865},
}

@inproceedings{Sestoft:2008:IFS:1370847.1370867,
 author = {Sestoft, Peter},
 title = {Implementing Function Spreadsheets},
 booktitle = {Proceedings of the 4th International Workshop on End-user Software Engineering},
 series = {WEUSE '08},
 year = {2008},
 isbn = {978-1-60558-034-0},
 location = {Leipzig, Germany},
 pages = {91--94},
 numpages = {4},
 url = {http://doi.acm.org/10.1145/1370847.1370867},
 doi = {10.1145/1370847.1370867},
 acmid = {1370867},
 publisher = {ACM},
 address = {New York, NY, USA},
 keywords = {function spreadsheet},
}

@inproceedings{Baglietto:2010:ADS:1944999.1945007,
 author = {Baglietto, Pierpaolo and Cosso, Fabrizio and Fornasa, Martino and Mangiante, Simone and Maresca, Massimo and Parodi, Andrea and Stecca, Michele},
 title = {Always-on Distributed Spreadsheet Mashups},
 booktitle = {Proceedings of the 3rd and 4th International Workshop on Web APIs and Services Mashups},
 series = {Mashups '09/'10},
 year = {2010},
 isbn = {978-1-4503-0418-4},
 location = {Ayia Napa, Cyprus},
 pages = {8:1--8:8},
 articleno = {8},
 numpages = {8},
 url = {http://doi.acm.org/10.1145/1944999.1945007},
 doi = {10.1145/1944999.1945007},
 acmid = {1945007},
 publisher = {ACM},
 address = {New York, NY, USA},
 keywords = {end user programming, spreadsheet mashups},
}

@inproceedings{Ayalew:2009:VAI:1527033.1527038,
 author = {Ayalew, Yirsaw},
 title = {A Visualization-based Approach for Improving Spreadsheet Quality},
 booktitle = {Proceedings of the Warm Up Workshop for ACM/IEEE ICSE 2010},
 series = {WUP '09},
 year = {2009},
 isbn = {978-1-60558-565-9},
 location = {Cape Town, South Africa},
 pages = {13--16},
 numpages = {4},
 url = {http://doi.acm.org/10.1145/1527033.1527038},
 doi = {10.1145/1527033.1527038},
 acmid = {1527038},
 publisher = {ACM},
 address = {New York, NY, USA},
 keywords = {spreadsheet, spreadsheet quality, spreadsheet understanding, visualization},
}

@inproceedings{Fisher:2005:ESC:1083231.1083242,
 author = {Fisher, Marc and Rothermel, Gregg},
 title = {The EUSES Spreadsheet Corpus: A Shared Resource for Supporting Experimentation with Spreadsheet Dependability Mechanisms},
 booktitle = {Proceedings of the First Workshop on End-user Software Engineering},
 series = {WEUSE I},
 year = {2005},
 isbn = {1-59593-131-7},
 location = {St. Louis, Missouri},
 pages = {1--5},
 numpages = {5},
 url = {http://doi.acm.org/10.1145/1082983.1083242},
 doi = {10.1145/1082983.1083242},
 acmid = {1083242},
 publisher = {ACM},
 address = {New York, NY, USA},
 keywords = {end-user programming, end-user software engineering},
}

@article{Fisher:2005:ESC:1082983.1083242,
 author = {Fisher, Marc and Rothermel, Gregg},
 title = {The EUSES Spreadsheet Corpus: A Shared Resource for Supporting Experimentation with Spreadsheet Dependability Mechanisms},
 journal = {SIGSOFT Softw. Eng. Notes},
 issue_date = {July 2005},
 volume = {30},
 number = {4},
 month = may,
 year = {2005},
 issn = {0163-5948},
 pages = {1--5},
 numpages = {5},
 url = {http://doi.acm.org/10.1145/1082983.1083242},
 doi = {10.1145/1082983.1083242},
 acmid = {1083242},
 publisher = {ACM},
 address = {New York, NY, USA},
 keywords = {end-user programming, end-user software engineering},
}

@inproceedings{Benfield:2009:FFD:1668113.1668121,
 author = {Benfield, Lee},
 title = {FMD: Functional Development in Excel},
 booktitle = {Proceedings of the 2009 Video Workshop on Commercial Users of Functional Programming: Functional Programming As a Means, Not an End},
 series = {CUFP '09},
 year = {2009},
 isbn = {978-1-60558-943-5},
 location = {Edinburgh, Scotland},
 articleno = {8},
 url = {http://doi.acm.org/10.1145/1668113.1668121},
 doi = {10.1145/1668113.1668121},
 acmid = {1668121},
 publisher = {ACM},
 address = {New York, NY, USA},
}

@inproceedings{Cunha:2012:RCU:2245276.2231957,
 author = {Cunha, J\'{a}come and Fernandes, Jo\~{a}o Paulo and Saraiva, Jo\~{a}o},
 title = {From Relational ClassSheets to UML+OCL},
 booktitle = {Proceedings of the 27th Annual ACM Symposium on Applied Computing},
 series = {SAC '12},
 year = {2012},
 isbn = {978-1-4503-0857-1},
 location = {Trento, Italy},
 pages = {1151--1158},
 numpages = {8},
 url = {http://doi.acm.org/10.1145/2245276.2231957},
 doi = {10.1145/2245276.2231957},
 acmid = {2231957},
 publisher = {ACM},
 address = {New York, NY, USA},
 keywords = {ClassSheets, OCL, UML, spreadsheets},
}

@inproceedings{Kongdenfha:2009:RDS:1526709.1526824,
 author = {Kongdenfha, Woralak and Benatallah, Boualem and Vayssi\`{e}re, Julien and Saint-Paul, R{\'e}gis and Casati, Fabio},
 title = {Rapid Development of Spreadsheet-based Web Mashups},
 booktitle = {Proceedings of the 18th International Conference on World Wide Web},
 series = {WWW '09},
 year = {2009},
 isbn = {978-1-60558-487-4},
 location = {Madrid, Spain},
 pages = {851--860},
 numpages = {10},
 url = {http://doi.acm.org/10.1145/1526709.1526824},
 doi = {10.1145/1526709.1526824},
 acmid = {1526824},
 publisher = {ACM},
 address = {New York, NY, USA},
 keywords = {component model, spreadsheet-based mashup patterns, spreadsheets, web data mashups},
}

@inproceedings{Kapros:2014:UDS:2607023.2607027,
 author = {Kapros, Evangelos and McGinnes, Simon},
 title = {Updating Database Schemas Without Breaking the UI: Modeling Using Cognitive Semantic Categories},
 booktitle = {Proceedings of the 2014 ACM SIGCHI Symposium on Engineering Interactive Computing Systems},
 series = {EICS '14},
 year = {2014},
 isbn = {978-1-4503-2725-1},
 location = {Rome, Italy},
 pages = {23--31},
 numpages = {9},
 url = {http://doi.acm.org/10.1145/2607023.2607027},
 doi = {10.1145/2607023.2607027},
 acmid = {2607027},
 publisher = {ACM},
 address = {New York, NY, USA},
 keywords = {adaptive information systems, databases, spreadsheets},
}

@inproceedings{Abraham:2006:TIS:1140335.1140346,
 author = {Abraham, Robin and Erwig, Martin},
 title = {Type Inference for Spreadsheets},
 booktitle = {Proceedings of the 8th ACM SIGPLAN International Conference on Principles and Practice of Declarative Programming},
 series = {PPDP '06},
 year = {2006},
 isbn = {1-59593-388-3},
 location = {Venice, Italy},
 pages = {73--84},
 numpages = {12},
 url = {http://doi.acm.org/10.1145/1140335.1140346},
 doi = {10.1145/1140335.1140346},
 acmid = {1140346},
 publisher = {ACM},
 address = {New York, NY, USA},
 keywords = {end-user software engineering, templates, type inference},
}

@inproceedings{Doush:2010:DRT:1815330.1815391,
 author = {Doush, Iyad Abu and Pontelli, Enrico},
 title = {Detecting and Recognizing Tables in Spreadsheets},
 booktitle = {Proceedings of the 9th IAPR International Workshop on Document Analysis Systems},
 series = {DAS '10},
 year = {2010},
 isbn = {978-1-60558-773-8},
 location = {Boston, Massachusetts, USA},
 pages = {471--478},
 numpages = {8},
 url = {http://doi.acm.org/10.1145/1815330.1815391},
 doi = {10.1145/1815330.1815391},
 acmid = {1815391},
 publisher = {ACM},
 address = {New York, NY, USA},
 keywords = {spreadsheet analysis, spreadsheets, table navigation, table recognition, visual impairments},
}

@inproceedings{Scaffidi:2008:UTV:1370847.1370850,
 author = {Scaffidi, Christopher and Cypher, Allen and Elbaum, Sebastian and Koesnandar, Andhy and Lin, James and Myers, Brad and Shaw, Mary},
 title = {Using Topes to Validate and Reformat Data in End-user Programming Tools},
 booktitle = {Proceedings of the 4th International Workshop on End-user Software Engineering},
 series = {WEUSE '08},
 year = {2008},
 isbn = {978-1-60558-034-0},
 location = {Leipzig, Germany},
 pages = {11--15},
 numpages = {5},
 url = {http://doi.acm.org/10.1145/1370847.1370850},
 doi = {10.1145/1370847.1370850},
 acmid = {1370850},
 publisher = {ACM},
 address = {New York, NY, USA},
 keywords = {abstraction, data, end-user programming, end-user software engineering, spreadsheets, validation, web applications, web macros},
}

@article{Witkowski:2005:ASM:1061318.1061321,
 author = {Witkowski, Andrew and Bellamkonda, Srikanth and Bozkaya, Tolga and Folkert, Nathan and Gupta, Abhinav and Haydu, John and Sheng, Lei and Subramanian, Sankar},
 title = {Advanced SQL Modeling in RDBMS},
 journal = {ACM Trans. Database Syst.},
 issue_date = {March 2005},
 volume = {30},
 number = {1},
 month = mar,
 year = {2005},
 issn = {0362-5915},
 pages = {83--121},
 numpages = {39},
 url = {http://doi.acm.org/10.1145/1061318.1061321},
 doi = {10.1145/1061318.1061321},
 acmid = {1061321},
 publisher = {ACM},
 address = {New York, NY, USA},
 keywords = {Excel, OLAP, analytic computations, spreadsheet},
}

@inproceedings{Burnett:2003:ESE:776816.776828,
 author = {Burnett, Margaret and Cook, Curtis and Pendse, Omkar and Rothermel, Gregg and Summet, Jay and Wallace, Chris},
 title = {End-user Software Engineering with Assertions in the Spreadsheet Paradigm},
 booktitle = {Proceedings of the 25th International Conference on Software Engineering},
 series = {ICSE '03},
 year = {2003},
 isbn = {0-7695-1877-X},
 location = {Portland, Oregon},
 pages = {93--103},
 numpages = {11},
 url = {http://dl.acm.org/citation.cfm?id=776816.776828},
 acmid = {776828},
 publisher = {IEEE Computer Society},
 address = {Washington, DC, USA},
}

@inproceedings{Tyszkiewicz:2010:SRD:1807167.1807191,
 author = {Tyszkiewicz, Jerzy},
 title = {Spreadsheet As a Relational Database Engine},
 booktitle = {Proceedings of the 2010 ACM SIGMOD International Conference on Management of Data},
 series = {SIGMOD '10},
 year = {2010},
 isbn = {978-1-4503-0032-2},
 location = {Indianapolis, Indiana, USA},
 pages = {195--206},
 numpages = {12},
 url = {http://doi.acm.org/10.1145/1807167.1807191},
 doi = {10.1145/1807167.1807191},
 acmid = {1807191},
 publisher = {ACM},
 address = {New York, NY, USA},
 keywords = {performance, relational algebra, relational databases, spreadsheets, sql},
}

@inproceedings{Rothermel:2000:WTS:337180.337206,
 author = {Rothermel, Karen J. and Cook, Curtis R. and Burnett, Margaret M. and Schonfeld, Justin and Green, T. R. G. and Rothermel, Gregg},
 title = {WYSIWYT Testing in the Spreadsheet Paradigm: An Empirical Evaluation},
 booktitle = {Proceedings of the 22Nd International Conference on Software Engineering},
 series = {ICSE '00},
 year = {2000},
 isbn = {1-58113-206-9},
 location = {Limerick, Ireland},
 pages = {230--239},
 numpages = {10},
 url = {http://doi.acm.org/10.1145/337180.337206},
 doi = {10.1145/337180.337206},
 acmid = {337206},
 publisher = {ACM},
 address = {New York, NY, USA},
 keywords = {empirical studies, spreadsheets, testing, visual programming},
}

@inproceedings{Scaffidi:2008:TSD:1368088.1368226,
 author = {Scaffidi, Christopher and Myers, Brad and Shaw, Mary},
 title = {Tool Support for Data Validation by End-user Programmers},
 booktitle = {Proceedings of the 30th International Conference on Software Engineering},
 series = {ICSE '08},
 year = {2008},
 isbn = {978-1-60558-079-1},
 location = {Leipzig, Germany},
 pages = {867--870},
 numpages = {4},
 url = {http://doi.acm.org/10.1145/1368088.1368226},
 doi = {10.1145/1368088.1368226},
 acmid = {1368226},
 publisher = {ACM},
 address = {New York, NY, USA},
 keywords = {data, end-user programming, validation},
}

@inproceedings{Anslow:2008:TEP:1370847.1370861,
 author = {Anslow, Craig and Riehle, Dirk},
 title = {Towards End-user Programming with Wikis},
 booktitle = {Proceedings of the 4th International Workshop on End-user Software Engineering},
 series = {WEUSE '08},
 year = {2008},
 isbn = {978-1-60558-034-0},
 location = {Leipzig, Germany},
 pages = {61--65},
 numpages = {5},
 url = {http://doi.acm.org/10.1145/1370847.1370861},
 doi = {10.1145/1370847.1370861},
 acmid = {1370861},
 publisher = {ACM},
 address = {New York, NY, USA},
 keywords = {application wikis, end-user programming, user innovation, wikis},
}

@inproceedings{Guthrie:2009:BUP:1668113.1668122,
 author = {Guthrie, Gordon},
 title = {Building the User Programmable Internet with Erlang},
 booktitle = {Proceedings of the 2009 Video Workshop on Commercial Users of Functional Programming: Functional Programming As a Means, Not an End},
 series = {CUFP '09},
 year = {2009},
 isbn = {978-1-60558-943-5},
 location = {Edinburgh, Scotland},
 articleno = {9},
 url = {http://doi.acm.org/10.1145/1668113.1668122},
 doi = {10.1145/1668113.1668122},
 acmid = {1668122},
 publisher = {ACM},
 address = {New York, NY, USA},
}

@inproceedings{Hermans:2013:DCD:2486788.2486827,
 author = {Hermans, Felienne and Sedee, Ben and Pinzger, Martin and Deursen, Arie van},
 title = {Data Clone Detection and Visualization in Spreadsheets},
 booktitle = {Proceedings of the 2013 International Conference on Software Engineering},
 series = {ICSE '13},
 year = {2013},
 isbn = {978-1-4673-3076-3},
 location = {San Francisco, CA, USA},
 pages = {292--301},
 numpages = {10},
 url = {http://dl.acm.org/citation.cfm?id=2486788.2486827},
 acmid = {2486827},
 publisher = {IEEE Press},
 address = {Piscataway, NJ, USA},
}

@inproceedings{Foner:2015:FPG:2804302.2804310,
 author = {Foner, Kenneth},
 title = {Functional Pearl: Getting a Quick Fix on Comonads},
 booktitle = {Proceedings of the 2015 ACM SIGPLAN Symposium on Haskell},
 series = {Haskell '15},
 year = {2015},
 isbn = {978-1-4503-3808-0},
 location = {Vancouver, BC, Canada},
 pages = {106--117},
 numpages = {12},
 url = {http://doi.acm.org/10.1145/2804302.2804310},
 doi = {10.1145/2804302.2804310},
 acmid = {2804310},
 publisher = {ACM},
 address = {New York, NY, USA},
 keywords = {Haskell, closed comonads, modal logic, spreadsheets},
}

@inproceedings{Kandel:2008:PSM:1357054.1357327,
 author = {Kandel, Sean and Paepcke, Andreas and Theobald, Martin and Garcia-Molina, Hector and Abelson, Eric},
 title = {Photospread: A Spreadsheet for Managing Photos},
 booktitle = {Proceedings of the SIGCHI Conference on Human Factors in Computing Systems},
 series = {CHI '08},
 year = {2008},
 isbn = {978-1-60558-011-1},
 location = {Florence, Italy},
 pages = {1749--1758},
 numpages = {10},
 url = {http://doi.acm.org/10.1145/1357054.1357327},
 doi = {10.1145/1357054.1357327},
 acmid = {1357327},
 publisher = {ACM},
 address = {New York, NY, USA},
 keywords = {photo browsing and analysis, spreadsheet},
}

@article{Isakowitz:1995:TLT:195705.195708,
 author = {Isakowitz, Tom\'{a}s and Schocken, Shimon and Lucas,Jr., Henry C.},
 title = {Toward a Logical/Physical Theory of Spreadsheet Modeling},
 journal = {ACM Trans. Inf. Syst.},
 issue_date = {Jan. 1995},
 volume = {13},
 number = {1},
 month = jan,
 year = {1995},
 issn = {1046-8188},
 pages = {1--37},
 numpages = {37},
 url = {http://doi.acm.org/10.1145/195705.195708},
 doi = {10.1145/195705.195708},
 acmid = {195708},
 publisher = {ACM},
 address = {New York, NY, USA},
 keywords = {model management},
}

@article{Lai:1988:OLL:58566.59298,
 author = {Lai, Kum-Yew and Malone, Thomas W. and Yu, Keh-Chiang},
 title = {Object Lens: A \&Ldquo;Spreadsheet\&Rdquo; for Cooperative Work},
 journal = {ACM Trans. Inf. Syst.},
 issue_date = {Oct. 1988},
 volume = {6},
 number = {4},
 month = oct,
 year = {1988},
 issn = {1046-8188},
 pages = {332--353},
 numpages = {22},
 url = {http://doi.acm.org/10.1145/58566.59298},
 doi = {10.1145/58566.59298},
 acmid = {59298},
 publisher = {ACM},
 address = {New York, NY, USA},
}

@article{LaLomia:1991:GCT:126729.1056015,
 author = {LaLomia, Mary J. and Cohen, Karen C.},
 title = {GESTURE CONSISTENCY FOR TEXT, SPREADSHEET, GRAPHIC AND FORM FILL EDITING},
 journal = {SIGCHI Bull.},
 issue_date = {Oct. 1991},
 volume = {23},
 number = {4},
 month = oct,
 year = {1991},
 issn = {0736-6906},
 pages = {40--41},
 numpages = {2},
 url = {http://doi.acm.org/10.1145/126729.1056015},
 doi = {10.1145/126729.1056015},
 acmid = {1056015},
 publisher = {ACM},
 address = {New York, NY, USA},
}

@article{Chatziantoniou:2009:AQD:1815918.1815926,
 author = {Chatziantoniou, Damianos and Tzortzakakis, Elias},
 title = {ASSET Queries: A Declarative Alternative to MapReduce},
 journal = {SIGMOD Rec.},
 issue_date = {June 2009},
 volume = {38},
 number = {2},
 month = oct,
 year = {2009},
 issn = {0163-5808},
 pages = {35--41},
 numpages = {7},
 url = {http://doi.acm.org/10.1145/1815918.1815926},
 doi = {10.1145/1815918.1815926},
 acmid = {1815926},
 publisher = {ACM},
 address = {New York, NY, USA},
 keywords = {ASSET queries, DataMingler, MapReduce, spreadsheets},
}

@inproceedings{Singh:2007:SPA:1314436.1314443,
 author = {Singh, Anu and Ramakrishnan, C. R. and Ramakrishnan, I. V. and Stoller, Scott D. and Warren, David S.},
 title = {Security Policy Analysis Using Deductive Spreadsheets},
 booktitle = {Proceedings of the 2007 ACM Workshop on Formal Methods in Security Engineering},
 series = {FMSE '07},
 year = {2007},
 isbn = {978-1-59593-887-9},
 location = {Fairfax, Virginia, USA},
 pages = {42--50},
 numpages = {9},
 url = {http://doi.acm.org/10.1145/1314436.1314443},
 doi = {10.1145/1314436.1314443},
 acmid = {1314443},
 publisher = {ACM},
 address = {New York, NY, USA},
 keywords = {SELinux policy, security policy analysis, vulnerability analysis},
}

@inproceedings{Witkowski:2003:SRO:872757.872767,
 author = {Witkowski, Andrew and Bellamkonda, Srikanth and Bozkaya, Tolga and Dorman, Gregory and Folkert, Nathan and Gupta, Abhinav and Shen, Lei and Subramanian, Sankar},
 title = {Spreadsheets in RDBMS for OLAP},
 booktitle = {Proceedings of the 2003 ACM SIGMOD International Conference on Management of Data},
 series = {SIGMOD '03},
 year = {2003},
 isbn = {1-58113-634-X},
 location = {San Diego, California},
 pages = {52--63},
 numpages = {12},
 url = {http://doi.acm.org/10.1145/872757.872767},
 doi = {10.1145/872757.872767},
 acmid = {872767},
 publisher = {ACM},
 address = {New York, NY, USA},
}

@inproceedings{Cunha:2009:SRD:1480945.1480972,
 author = {Cunha, J\'{a}come and Saraiva, Jo\~{a}o and Visser, Joost},
 title = {From Spreadsheets to Relational Databases and Back},
 booktitle = {Proceedings of the 2009 ACM SIGPLAN Workshop on Partial Evaluation and Program Manipulation},
 series = {PEPM '09},
 year = {2009},
 isbn = {978-1-60558-327-3},
 location = {Savannah, GA, USA},
 pages = {179--188},
 numpages = {10},
 url = {http://doi.acm.org/10.1145/1480945.1480972},
 doi = {10.1145/1480945.1480972},
 acmid = {1480972},
 publisher = {ACM},
 address = {New York, NY, USA},
 keywords = {bi-directional transformations, functional programming, spreadsheets, type-safe data migration},
}

@article{Burnett:1998:GDE:274444.274445,
 author = {Burnett, Margaret M. and Gottfried, Herkimer J.},
 title = {Graphical Definitions: Expanding Spreadsheet Languages Through Direct Manipulation and Gestures},
 journal = {ACM Trans. Comput.-Hum. Interact.},
 issue_date = {March 1998},
 volume = {5},
 number = {1},
 month = mar,
 year = {1998},
 issn = {1073-0516},
 pages = {1--33},
 numpages = {33},
 url = {http://doi.acm.org/10.1145/274444.274445},
 doi = {10.1145/274444.274445},
 acmid = {274445},
 publisher = {ACM},
 address = {New York, NY, USA},
 keywords = {direct manipulation, forms/3, gestures, programming by demonstration},
}

@article{Burnett:2002:SMD:586081.586083,
 author = {Burnett, Margaret and Yang, Sherry and Summet, Jay},
 title = {A Scalable Method for Deductive Generalization in the Spreadsheet Paradigm},
 journal = {ACM Trans. Comput.-Hum. Interact.},
 issue_date = {December 2002},
 volume = {9},
 number = {4},
 month = dec,
 year = {2002},
 issn = {1073-0516},
 pages = {253--284},
 numpages = {32},
 url = {http://doi.acm.org/10.1145/586081.586083},
 doi = {10.1145/586081.586083},
 acmid = {586083},
 publisher = {ACM},
 address = {New York, NY, USA},
 keywords = {Forms/3, Human-computer interaction, concrete programming, generalization, graphical programming, spreadsheet languages},
}

@article{Spenke:1989:SIL:67450.67466,
 author = {Spenke, M. and Beilken, C.},
 title = {A Spreadsheet Interface for Logic Programming},
 journal = {SIGCHI Bull.},
 volume = {20},
 number = {SI},
 month = mar,
 year = {1989},
 issn = {0736-6906},
 pages = {75--80},
 numpages = {6},
 url = {http://doi.acm.org/10.1145/67450.67466},
 doi = {10.1145/67450.67466},
 acmid = {67466},
 publisher = {ACM},
 address = {New York, NY, USA},
}

@inproceedings{Spenke:1989:SIL:67449.67466,
 author = {Spenke, M. and Beilken, C.},
 title = {A Spreadsheet Interface for Logic Programming},
 booktitle = {Proceedings of the SIGCHI Conference on Human Factors in Computing Systems},
 series = {CHI '89},
 year = {1989},
 isbn = {0-89791-301-9},
 pages = {75--80},
 numpages = {6},
 url = {http://doi.acm.org/10.1145/67449.67466},
 doi = {10.1145/67449.67466},
 acmid = {67466},
 publisher = {ACM},
 address = {New York, NY, USA},
}

@inproceedings{Horey:2010:TSP:2163970.2163971,
 author = {Horey, James and Nelson, Eric and Maccabe, Arthur B.},
 title = {Tables: A Spreadsheet-inspired Programming Model for Sensor Networks},
 booktitle = {Proceedings of the 6th IEEE International Conference on Distributed Computing in Sensor Systems},
 series = {DCOSS'10},
 year = {2010},
 isbn = {3-642-13650-8, 978-3-642-13650-4},
 location = {Santa Barbara, CA},
 pages = {1--14},
 numpages = {14},
 url = {http://dx.doi.org/10.1007/978-3-642-13651-1_1},
 doi = {10.1007/978-3-642-13651-1_1},
 acmid = {2163971},
 publisher = {Springer-Verlag},
 address = {Berlin, Heidelberg},
}

@inproceedings{Fujima:2004:CCC:1029632.1029664,
 author = {Fujima, Jun and Lunzer, Aran and Hornb{\ae}k, Kasper and Tanaka, Yuzuru},
 title = {Clip, Connect, Clone: Combining Application Elements to Build Custom Interfaces for Information Access},
 booktitle = {Proceedings of the 17th Annual ACM Symposium on User Interface Software and Technology},
 series = {UIST '04},
 year = {2004},
 isbn = {1-58113-957-8},
 location = {Santa Fe, NM, USA},
 pages = {175--184},
 numpages = {10},
 url = {http://doi.acm.org/10.1145/1029632.1029664},
 doi = {10.1145/1029632.1029664},
 acmid = {1029664},
 publisher = {ACM},
 address = {New York, NY, USA},
 keywords = {customized information access, end-user programming, parallel exploration},
}

@article{Risch:1988:FAI:53580.53582,
 author = {Risch, Tore and Reboh, Ren{\'e} and Hart, Peter E. and Duda, Richard O.},
 title = {A Functional Approach to Integrating Database and Expert Systems},
 journal = {Commun. ACM},
 issue_date = {Dec. 1988},
 volume = {31},
 number = {12},
 month = dec,
 year = {1988},
 issn = {0001-0782},
 pages = {1424--1437},
 numpages = {14},
 url = {http://doi.acm.org/10.1145/53580.53582},
 doi = {10.1145/53580.53582},
 acmid = {53582},
 publisher = {ACM},
 address = {New York, NY, USA},
}

@article{Puckett:1987:IAS:384282.28334,
 author = {Puckett, Tom},
 title = {Implementation of an APL\&Mdash;Based Spreadsheet Manager},
 journal = {SIGAPL APL Quote Quad},
 issue_date = {May 1987},
 volume = {17},
 number = {4},
 month = jan,
 year = {1987},
 issn = {0163-6006},
 pages = {163--172},
 numpages = {10},
 url = {http://doi.acm.org/10.1145/384282.28334},
 doi = {10.1145/384282.28334},
 acmid = {28334},
 publisher = {ACM},
 address = {New York, NY, USA},
}

@inproceedings{Puckett:1987:IAS:28315.28334,
 author = {Puckett, Tom},
 title = {Implementation of an APL\&Mdash;Based Spreadsheet Manager},
 booktitle = {Proceedings of the International Conference on APL: APL in Transition},
 series = {APL '87},
 year = {1987},
 isbn = {0-89791-226-8},
 location = {Dallas, Texas, USA},
 pages = {163--172},
 numpages = {10},
 url = {http://doi.acm.org/10.1145/28315.28334},
 doi = {10.1145/28315.28334},
 acmid = {28334},
 publisher = {ACM},
 address = {New York, NY, USA},
}

@inproceedings{Smith:2009:ANN:1556460.1556497,
 author = {Smith, Marc A. and Shneiderman, Ben and Milic-Frayling, Natasa and Mendes Rodrigues, Eduarda and Barash, Vladimir and Dunne, Cody and Capone, Tony and Perer, Adam and Gleave, Eric},
 title = {Analyzing (Social Media) Networks with NodeXL},
 booktitle = {Proceedings of the Fourth International Conference on Communities and Technologies},
 series = {C\&\#38;T '09},
 year = {2009},
 isbn = {978-1-60558-713-4},
 location = {University Park, PA, USA},
 pages = {255--264},
 numpages = {10},
 url = {http://doi.acm.org/10.1145/1556460.1556497},
 doi = {10.1145/1556460.1556497},
 acmid = {1556497},
 publisher = {ACM},
 address = {New York, NY, USA},
 keywords = {excel, network analysis, social media, social network, spreadsheet, visualization},
}

@article{Lewis:1985:ESI:1165385.317466,
 author = {Lewis, Clayton},
 title = {Extending the Spreadsheet Interface to Handle Approximate Quantities and Relationships},
 journal = {SIGCHI Bull.},
 issue_date = {April 1985},
 volume = {16},
 number = {4},
 month = apr,
 year = {1985},
 issn = {0736-6906},
 pages = {55--59},
 numpages = {5},
 url = {http://doi.acm.org/10.1145/1165385.317466},
 doi = {10.1145/1165385.317466},
 acmid = {317466},
 publisher = {ACM},
 address = {New York, NY, USA},
}

@inproceedings{Lewis:1985:ESI:317456.317466,
 author = {Lewis, Clayton},
 title = {Extending the Spreadsheet Interface to Handle Approximate Quantities and Relationships},
 booktitle = {Proceedings of the SIGCHI Conference on Human Factors in Computing Systems},
 series = {CHI '85},
 year = {1985},
 isbn = {0-89791-149-0},
 location = {San Francisco, California, USA},
 pages = {55--59},
 numpages = {5},
 url = {http://doi.acm.org/10.1145/317456.317466},
 doi = {10.1145/317456.317466},
 acmid = {317466},
 publisher = {ACM},
 address = {New York, NY, USA},
}

@article{Kokol:1988:SLL:44546.44558,
 author = {Kokol, Peter},
 title = {Spreadsheet Language Level: How High is It?},
 journal = {SIGPLAN Not.},
 issue_date = {June, 1988},
 volume = {23},
 number = {6},
 month = jun,
 year = {1988},
 issn = {0362-1340},
 pages = {121--134},
 numpages = {14},
 url = {http://doi.acm.org/10.1145/44546.44558},
 doi = {10.1145/44546.44558},
 acmid = {44558},
 publisher = {ACM},
 address = {New York, NY, USA},
}

@article{Ennals:2007:UFP:1291220.1291187,
 author = {Ennals, Rob and Gay, David},
 title = {User-friendly Functional Programming for Web Mashups},
 journal = {SIGPLAN Not.},
 issue_date = {September 2007},
 volume = {42},
 number = {9},
 month = oct,
 year = {2007},
 issn = {0362-1340},
 pages = {223--234},
 numpages = {12},
 url = {http://doi.acm.org/10.1145/1291220.1291187},
 doi = {10.1145/1291220.1291187},
 acmid = {1291187},
 publisher = {ACM},
 address = {New York, NY, USA},
 keywords = {browser, end-used programming, mashup, web},
}

@inproceedings{Ennals:2007:UFP:1291151.1291187,
 author = {Ennals, Rob and Gay, David},
 title = {User-friendly Functional Programming for Web Mashups},
 booktitle = {Proceedings of the 12th ACM SIGPLAN International Conference on Functional Programming},
 series = {ICFP '07},
 year = {2007},
 isbn = {978-1-59593-815-2},
 location = {Freiburg, Germany},
 pages = {223--234},
 numpages = {12},
 url = {http://doi.acm.org/10.1145/1291151.1291187},
 doi = {10.1145/1291151.1291187},
 acmid = {1291187},
 publisher = {ACM},
 address = {New York, NY, USA},
 keywords = {browser, end-used programming, mashup, web},
}

@inproceedings{Scaffidi:2007:DMS:1248821.1248948,
 author = {Scaffidi, Christopher},
 title = {A Data Model to Support End User Software Engineering},
 booktitle = {Companion to the Proceedings of the 29th International Conference on Software Engineering},
 series = {ICSE COMPANION '07},
 year = {2007},
 isbn = {0-7695-2892-9},
 pages = {79--80},
 numpages = {2},
 url = {http://dx.doi.org/10.1109/ICSECOMPANION.2007.11},
 doi = {10.1109/ICSECOMPANION.2007.11},
 acmid = {1248948},
 publisher = {IEEE Computer Society},
 address = {Washington, DC, USA},
}

@article{Aonuma:1987:ISM:377719.55629,
 author = {Aonuma, T.},
 title = {An Interactive Simulation Modeling System: DYNAGRAPH for Multi-period Planning on an APL Spreadsheet},
 journal = {SIGAPL APL Quote Quad},
 issue_date = {Dec. 1987},
 volume = {18},
 number = {2},
 month = dec,
 year = {1987},
 issn = {0163-6006},
 pages = {10--18},
 numpages = {9},
 url = {http://doi.acm.org/10.1145/377719.55629},
 doi = {10.1145/377719.55629},
 acmid = {55629},
 publisher = {ACM},
 address = {New York, NY, USA},
}

@inproceedings{Aonuma:1987:ISM:55626.55629,
 author = {Aonuma, T.},
 title = {An Interactive Simulation Modeling System: DYNAGRAPH for Multi-period Planning on an APL Spreadsheet},
 booktitle = {Proceedings of the International Conference on APL},
 series = {APL '88},
 year = {1988},
 isbn = {0-89791-253-5},
 location = {Sydney, Australia},
 pages = {10--18},
 numpages = {9},
 url = {http://doi.acm.org/10.1145/55626.55629},
 doi = {10.1145/55626.55629},
 acmid = {55629},
 publisher = {ACM},
 address = {New York, NY, USA},
}

@article{Shinners-Kennedy:1986:UST:953055.5905,
 author = {Shinners-Kennedy, Dermot},
 title = {Using Spreadsheets to Teach Computer Science},
 journal = {SIGCSE Bull.},
 issue_date = {February 1986},
 volume = {18},
 number = {1},
 month = feb,
 year = {1986},
 issn = {0097-8418},
 pages = {264--270},
 numpages = {7},
 url = {http://doi.acm.org/10.1145/953055.5905},
 doi = {10.1145/953055.5905},
 acmid = {5905},
 publisher = {ACM},
 address = {New York, NY, USA},
}

@inproceedings{Shinners-Kennedy:1986:UST:5600.5905,
 author = {Shinners-Kennedy, Dermot},
 title = {Using Spreadsheets to Teach Computer Science},
 booktitle = {Proceedings of the Seventeenth SIGCSE Technical Symposium on Computer Science Education},
 series = {SIGCSE '86},
 year = {1986},
 isbn = {0-89791-178-4},
 location = {Cincinnati, Ohio, USA},
 pages = {264--270},
 numpages = {7},
 url = {http://doi.acm.org/10.1145/5600.5905},
 doi = {10.1145/5600.5905},
 acmid = {5905},
 publisher = {ACM},
 address = {New York, NY, USA},
}

@inproceedings{Hedegaard:2013:EUU:2470654.2481286,
 author = {Hedegaard, Steffen and Simonsen, Jakob Grue},
 title = {Extracting Usability and User Experience Information from Online User Reviews},
 booktitle = {Proceedings of the SIGCHI Conference on Human Factors in Computing Systems},
 series = {CHI '13},
 year = {2013},
 isbn = {978-1-4503-1899-0},
 location = {Paris, France},
 pages = {2089--2098},
 numpages = {10},
 url = {http://doi.acm.org/10.1145/2470654.2481286},
 doi = {10.1145/2470654.2481286},
 acmid = {2481286},
 publisher = {ACM},
 address = {New York, NY, USA},
 keywords = {end user reviews, machine learning, natural language processing, usability, user experience},
}

@inproceedings{Hu:2004:PED:1014007.1014025,
 author = {Hu, Zhenjiang and Mu, Shin-Cheng and Takeichi, Masato},
 title = {A Programmable Editor for Developing Structured Documents Based on Bidirectional Transformations},
 booktitle = {Proceedings of the 2004 ACM SIGPLAN Symposium on Partial Evaluation and Semantics-based Program Manipulation},
 series = {PEPM '04},
 year = {2004},
 isbn = {1-58113-835-0},
 location = {Verona, Italy},
 pages = {178--189},
 numpages = {12},
 url = {http://doi.acm.org/10.1145/1014007.1014025},
 doi = {10.1145/1014007.1014025},
 acmid = {1014025},
 publisher = {ACM},
 address = {New York, NY, USA},
 keywords = {bidirectional transformation, document engineering, editor, functional programming, view updating},
}

@inproceedings{Compton:2015:DDE:2790755.2790764,
 author = {Compton, Michael and Ratcliffe, David and Shu, Yanfeng and Squire, Geoffrey},
 title = {Declarative Data Exchange: Spreadsheets to RDF/OWL},
 booktitle = {Proceedings of the 19th International Database Engineering \&\#38; Applications Symposium},
 series = {IDEAS '15},
 year = {2014},
 isbn = {978-1-4503-3414-3},
 location = {Yokohama, Japan},
 pages = {96--105},
 numpages = {10},
 url = {http://doi.acm.org/10.1145/2790755.2790764},
 doi = {10.1145/2790755.2790764},
 acmid = {2790764},
 publisher = {ACM},
 address = {New York, NY, USA},
 keywords = {Ontology-based data access, semantic data exchange, semantic data integration, spreadsheet translation},
}

@article{Lewis:1993:FSA:165650.165655,
 author = {Lewis, Peter A. W.},
 title = {Full-screen, Scrollable APL2 Spreadsheet Input/Output Editor},
 journal = {SIGAPL APL Quote Quad},
 issue_date = {March 1993},
 volume = {23},
 number = {3},
 month = mar,
 year = {1993},
 issn = {0163-6006},
 pages = {9--14},
 numpages = {6},
 url = {http://doi.acm.org/10.1145/165650.165655},
 doi = {10.1145/165650.165655},
 acmid = {165655},
 publisher = {ACM},
 address = {New York, NY, USA},
}

@inproceedings{Hermans:2010:AEC:1883978.1883984,
 author = {Hermans, Felienne and Pinzger, Martin and van Deursen, Arie},
 title = {Automatically Extracting Class Diagrams from Spreadsheets},
 booktitle = {Proceedings of the 24th European Conference on Object-oriented Programming},
 series = {ECOOP'10},
 year = {2010},
 isbn = {3-642-14106-4, 978-3-642-14106-5},
 location = {Maribor, Slovenia},
 pages = {52--75},
 numpages = {24},
 url = {http://dl.acm.org/citation.cfm?id=1883978.1883984},
 acmid = {1883984},
 publisher = {Springer-Verlag},
 address = {Berlin, Heidelberg},
}

@article{Jones:2003:UAF:944746.944721,
 author = {Jones, Simon Peyton and Blackwell, Alan and Burnett, Margaret},
 title = {A User-centred Approach to Functions in Excel},
 journal = {SIGPLAN Not.},
 issue_date = {September 2003},
 volume = {38},
 number = {9},
 month = aug,
 year = {2003},
 issn = {0362-1340},
 pages = {165--176},
 numpages = {12},
 url = {http://doi.acm.org/10.1145/944746.944721},
 doi = {10.1145/944746.944721},
 acmid = {944721},
 publisher = {ACM},
 address = {New York, NY, USA},
}

@inproceedings{Jones:2003:UAF:944705.944721,
 author = {Jones, Simon Peyton and Blackwell, Alan and Burnett, Margaret},
 title = {A User-centred Approach to Functions in Excel},
 booktitle = {Proceedings of the Eighth ACM SIGPLAN International Conference on Functional Programming},
 series = {ICFP '03},
 year = {2003},
 isbn = {1-58113-756-7},
 location = {Uppsala, Sweden},
 pages = {165--176},
 numpages = {12},
 url = {http://doi.acm.org/10.1145/944705.944721},
 doi = {10.1145/944705.944721},
 acmid = {944721},
 publisher = {ACM},
 address = {New York, NY, USA},
}

@inproceedings{Liu:2005:EMC:1096601.1096616,
 author = {Liu, Dongxi and Hu, Zhenjiang and Takeichi, Masato},
 title = {An Environment for Maintaining Computation Dependency in XML Documents},
 booktitle = {Proceedings of the 2005 ACM Symposium on Document Engineering},
 series = {DocEng '05},
 year = {2005},
 isbn = {1-59593-240-2},
 location = {Bristol, United Kingdom},
 pages = {42--51},
 numpages = {10},
 url = {http://doi.acm.org/10.1145/1096601.1096616},
 doi = {10.1145/1096601.1096616},
 acmid = {1096616},
 publisher = {ACM},
 address = {New York, NY, USA},
 keywords = {XML, computation dependency, functional programming, lazy evaluation, programmable structured document},
}

@inproceedings{Mansell:2010:EFF:1900160.1900174,
 author = {Mansell, Howard},
 title = {Eden: An F\#/WPF Framework for Building GUI Tools},
 booktitle = {ACM SIGPLAN Commercial Users of Functional Programming},
 series = {CUFP '10},
 year = {2010},
 isbn = {978-1-4503-0516-7},
 location = {Baltimore, Maryland},
 pages = {12:1--12:1},
 articleno = {12},
 numpages = {1},
 url = {http://doi.acm.org/10.1145/1900160.1900174},
 doi = {10.1145/1900160.1900174},
 acmid = {1900174},
 publisher = {ACM},
 address = {New York, NY, USA},
}

@inproceedings{Fujima:2007:WAO:1331740.1331817,
 author = {Fujima, Jun and Yoshihara, Shohei and Tanaka, Yuzuru},
 title = {Web Application Orchestration Using Excel},
 booktitle = {Proceedings of the IEEE/WIC/ACM International Conference on Web Intelligence},
 series = {WI '07},
 year = {2007},
 isbn = {0-7695-3026-5},
 pages = {743--749},
 numpages = {7},
 url = {http://dx.doi.org/10.1109/WI.2007.153},
 doi = {10.1109/WI.2007.153},
 acmid = {1331817},
 publisher = {IEEE Computer Society},
 address = {Washington, DC, USA},
}

@inproceedings{Hermans:2015:ESR:2819009.2819013,
 author = {Hermans, Felienne and Murphy-Hill, Emerson},
 title = {Enron's Spreadsheets and Related Emails: A Dataset and Analysis},
 booktitle = {Proceedings of the 37th International Conference on Software Engineering - Volume 2},
 series = {ICSE '15},
 year = {2015},
 location = {Florence, Italy},
 pages = {7--16},
 numpages = {10},
 url = {http://dl.acm.org/citation.cfm?id=2819009.2819013},
 acmid = {2819013},
 publisher = {IEEE Press},
 address = {Piscataway, NJ, USA},
}

@inproceedings{Kotanchek:2012:RFD:2330784.2330862,
 author = {Kotanchek, Mark},
 title = {Robust Function Discovery and Feature Selection for Life Sciences and Engineering},
 booktitle = {Proceedings of the 14th Annual Conference Companion on Genetic and Evolutionary Computation},
 series = {GECCO '12},
 year = {2012},
 isbn = {978-1-4503-1178-6},
 location = {Philadelphia, Pennsylvania, USA},
 pages = {497--498},
 numpages = {2},
 url = {http://doi.acm.org/10.1145/2330784.2330862},
 doi = {10.1145/2330784.2330862},
 acmid = {2330862},
 publisher = {ACM},
 address = {New York, NY, USA},
 keywords = {data analysis, feature selection, genetic programming},
}

@inproceedings{Goldman:2002:CBS:1030453.1030678,
 author = {Goldman, Lawrence I.},
 title = {Crystal Ball Software Tutorial: Crystal Ball Professional Introductory Tutorial},
 booktitle = {Proceedings of the 34th Conference on Winter Simulation: Exploring New Frontiers},
 series = {WSC '02},
 year = {2002},
 isbn = {0-7803-7615-3},
 location = {San Diego, California},
 pages = {1539--1545},
 numpages = {7},
 url = {http://dl.acm.org/citation.cfm?id=1030453.1030678},
 acmid = {1030678},
 publisher = {Winter Simulation Conference},
}

@article{Delaney:1989:TSM:65294.65305,
 author = {Delaney, Michael M.},
 title = {Testing Student Micro Computer Skills Through Direct Computer Use},
 journal = {SIGCSE Bull.},
 issue_date = {Feb. 1989},
 volume = {21},
 number = {1},
 month = feb,
 year = {1989},
 issn = {0097-8418},
 pages = {103--107},
 numpages = {5},
 url = {http://doi.acm.org/10.1145/65294.65305},
 doi = {10.1145/65294.65305},
 acmid = {65305},
 publisher = {ACM},
 address = {New York, NY, USA},
}

@inproceedings{Delaney:1989:TSM:65293.65305,
 author = {Delaney, Michael M.},
 title = {Testing Student Micro Computer Skills Through Direct Computer Use},
 booktitle = {Proceedings of the Twentieth SIGCSE Technical Symposium on Computer Science Education},
 series = {SIGCSE '89},
 year = {1989},
 isbn = {0-89791-298-5},
 location = {Louisville, Kentucky, USA},
 pages = {103--107},
 numpages = {5},
 url = {http://doi.acm.org/10.1145/65293.65305},
 doi = {10.1145/65293.65305},
 acmid = {65305},
 publisher = {ACM},
 address = {New York, NY, USA},
}

@inproceedings{Tawhid:2012:UAH:2188286.2188304,
 author = {Tawhid, Rasha and Petriu, Dorina},
 title = {User-friendly Approach for Handling Performance Parameters During Predictive Software Performance Engineering},
 booktitle = {Proceedings of the 3rd ACM/SPEC International Conference on Performance Engineering},
 series = {ICPE '12},
 year = {2012},
 isbn = {978-1-4503-1202-8},
 location = {Boston, Massachusetts, USA},
 pages = {109--120},
 numpages = {12},
 url = {http://doi.acm.org/10.1145/2188286.2188304},
 doi = {10.1145/2188286.2188304},
 acmid = {2188304},
 publisher = {ACM},
 address = {New York, NY, USA},
 keywords = {atl, marte, model-driven development, performance completion, performance model, spl, uml},
}

@inproceedings{Augustsson:2008:PTD:1411204.1411236,
 author = {Augustsson, Lennart and Mansell, Howard and Sittampalam, Ganesh},
 title = {Paradise: A Two-stage DSL Embedded in Haskell},
 booktitle = {Proceedings of the 13th ACM SIGPLAN International Conference on Functional Programming},
 series = {ICFP '08},
 year = {2008},
 isbn = {978-1-59593-919-7},
 location = {Victoria, BC, Canada},
 pages = {225--228},
 numpages = {4},
 url = {http://doi.acm.org/10.1145/1411204.1411236},
 doi = {10.1145/1411204.1411236},
 acmid = {1411236},
 publisher = {ACM},
 address = {New York, NY, USA},
 keywords = {Haskell, dsels, metaprogramming, paradise},
}

@article{Augustsson:2008:PTD:1411203.1411236,
 author = {Augustsson, Lennart and Mansell, Howard and Sittampalam, Ganesh},
 title = {Paradise: A Two-stage DSL Embedded in Haskell},
 journal = {SIGPLAN Not.},
 issue_date = {September 2008},
 volume = {43},
 number = {9},
 month = sep,
 year = {2008},
 issn = {0362-1340},
 pages = {225--228},
 numpages = {4},
 url = {http://doi.acm.org/10.1145/1411203.1411236},
 doi = {10.1145/1411203.1411236},
 acmid = {1411236},
 publisher = {ACM},
 address = {New York, NY, USA},
 keywords = {Haskell, dsels, metaprogramming, paradise},
}

@inproceedings{Berlage:1992:UTS:142621.142648,
 author = {Berlage, Thomas},
 title = {Using Taps to Separate the User Interface from the Application Code},
 booktitle = {Proceedings of the 5th Annual ACM Symposium on User Interface Software and Technology},
 series = {UIST '92},
 year = {1992},
 isbn = {0-89791-549-6},
 location = {Monteray, California, USA},
 pages = {191--198},
 numpages = {8},
 url = {http://doi.acm.org/10.1145/142621.142648},
 doi = {10.1145/142621.142648},
 acmid = {142648},
 publisher = {ACM},
 address = {New York, NY, USA},
 keywords = {change propagation, command objects, user interface management systems},
}

@inproceedings{Hammond:1995:SAB:224401.224776,
 author = {Hammond, Donald and Mahesh, Sathi},
 title = {A Simulation and Analysis of Bank Teller Manning},
 booktitle = {Proceedings of the 27th Conference on Winter Simulation},
 series = {WSC '95},
 year = {1995},
 isbn = {0-7803-3018-8},
 location = {Arlington, Virginia, USA},
 pages = {1077--1080},
 numpages = {4},
 url = {http://dx.doi.org/10.1145/224401.224776},
 doi = {10.1145/224401.224776},
 acmid = {224776},
 publisher = {IEEE Computer Society},
 address = {Washington, DC, USA},
}

@inproceedings{Ito:2003:VED:900051.900092,
 author = {Ito, Kimihito and Tanaka, Yuzuru},
 title = {A Visual Environment for Dynamic Web Application Composition},
 booktitle = {Proceedings of the Fourteenth ACM Conference on Hypertext and Hypermedia},
 series = {HYPERTEXT '03},
 year = {2003},
 isbn = {1-58113-704-4},
 location = {Nottingham, UK},
 pages = {184--193},
 numpages = {10},
 url = {http://doi.acm.org/10.1145/900051.900092},
 doi = {10.1145/900051.900092},
 acmid = {900092},
 publisher = {ACM},
 address = {New York, NY, USA},
 keywords = {hypermedia, intelligentPad, personalization, web application linkage, web application wrapping},
}

@inproceedings{Savage:2006:IS:1218112.1218536,
 author = {Savage, Sam},
 title = {Interactive Simulation},
 booktitle = {Proceedings of the 38th Conference on Winter Simulation},
 series = {WSC '06},
 year = {2006},
 isbn = {1-4244-0501-7},
 location = {Monterey, California},
 pages = {2293--2293},
 numpages = {1},
 url = {http://dl.acm.org/citation.cfm?id=1218112.1218536},
 acmid = {1218536},
 publisher = {Winter Simulation Conference},
}

@inproceedings{Krishnaswami:2010:VEP:1708016.1708025,
 author = {Krishnaswami, Neel R. and Birkedal, Lars and Aldrich, Jonathan},
 title = {Verifying Event-driven Programs Using Ramified Frame Properties},
 booktitle = {Proceedings of the 5th ACM SIGPLAN Workshop on Types in Language Design and Implementation},
 series = {TLDI '10},
 year = {2010},
 isbn = {978-1-60558-891-9},
 location = {Madrid, Spain},
 pages = {63--76},
 numpages = {14},
 url = {http://doi.acm.org/10.1145/1708016.1708025},
 doi = {10.1145/1708016.1708025},
 acmid = {1708025},
 publisher = {ACM},
 address = {New York, NY, USA},
 keywords = {dataflow, frame rule, functional reactive programming, ramification problem, separation logic, subject-observer},
}

@article{Yellin:1991:ILI:103135.103137,
 author = {Yellin, Daniel M. and Strom, Robert E.},
 title = {INC: A Language for Incremental Computations},
 journal = {ACM Trans. Program. Lang. Syst.},
 issue_date = {April 1991},
 volume = {13},
 number = {2},
 month = apr,
 year = {1991},
 issn = {0164-0925},
 pages = {211--236},
 numpages = {26},
 url = {http://doi.acm.org/10.1145/103135.103137},
 doi = {10.1145/103135.103137},
 acmid = {103137},
 publisher = {ACM},
 address = {New York, NY, USA},
 keywords = {dynamic algorithms, finite differencing, incremental complexity, incrementality, static complexity},
}

@article{Obrenovic:2011:SIS:1959022.1959026,
 author = {Obrenovic, \v{Z}eljko and Martens, Jean-Bernard},
 title = {Sketching Interactive Systems with Sketchify},
 journal = {ACM Trans. Comput.-Hum. Interact.},
 issue_date = {April 2011},
 volume = {18},
 number = {1},
 month = may,
 year = {2011},
 issn = {1073-0516},
 pages = {4:1--4:38},
 articleno = {4},
 numpages = {38},
 url = {http://doi.acm.org/10.1145/1959022.1959026},
 doi = {10.1145/1959022.1959026},
 acmid = {1959026},
 publisher = {ACM},
 address = {New York, NY, USA},
 keywords = {Sketching, design process, interaction design, rapid prototyping, user interface software tools},
}

@inproceedings{Kikuchi:2014:PEB:2759989.2760059,
 author = {Kikuchi, Shinji},
 title = {Performance Estimation for Business Workflows on Public Cloud Offerings Using Probabilistic Model Checker},
 booktitle = {Proceedings of the 2014 IEEE/ACM 7th International Conference on Utility and Cloud Computing},
 series = {UCC '14},
 year = {2014},
 isbn = {978-1-4799-7881-6},
 pages = {317--326},
 numpages = {10},
 url = {http://dx.doi.org/10.1109/UCC.2014.41},
 doi = {10.1109/UCC.2014.41},
 acmid = {2760059},
 publisher = {IEEE Computer Society},
 address = {Washington, DC, USA},
 keywords = {cloud computing, business process, workflow engine, Software as a Service, service-oriented architecture, formal method, model checking},
}

@inproceedings{Sarukkai:1992:PPV:143369.143404,
 author = {Sarukkai, Sekhar R. and Gannon, Dennis},
 title = {Parallel Program Visualization Using SIEVE.1},
 booktitle = {Proceedings of the 6th International Conference on Supercomputing},
 series = {ICS '92},
 year = {1992},
 isbn = {0-89791-485-6},
 location = {Washington, D. C., USA},
 pages = {157--166},
 numpages = {10},
 url = {http://doi.acm.org/10.1145/143369.143404},
 doi = {10.1145/143369.143404},
 acmid = {143404},
 publisher = {ACM},
 address = {New York, NY, USA},
}

@article{Wing:2013:FMI:2658982.2527291,
 author = {Wing, Jeannette M.},
 title = {Formal Methods: An Industrial Perspective},
 journal = {Ada Lett.},
 issue_date = {December 2013},
 volume = {33},
 number = {3},
 month = nov,
 year = {2013},
 issn = {1094-3641},
 pages = {85--86},
 numpages = {2},
 url = {http://doi.acm.org/10.1145/2658982.2527291},
 doi = {10.1145/2658982.2527291},
 acmid = {2527291},
 publisher = {ACM},
 address = {New York, NY, USA},
 keywords = {constraint satisfaction, formal methods, model checking, program synthesis., satisfiability modulo theories, specification, theorem proving, verification},
}

@inproceedings{Wing:2013:FMI:2527269.2527291,
 author = {Wing, Jeannette M.},
 title = {Formal Methods: An Industrial Perspective},
 booktitle = {Proceedings of the 2013 ACM SIGAda Annual Conference on High Integrity Language Technology},
 series = {HILT '13},
 year = {2013},
 isbn = {978-1-4503-2467-0},
 location = {Pittsburgh, Pennsylvania, USA},
 pages = {85--86},
 numpages = {2},
 url = {http://doi.acm.org/10.1145/2527269.2527291},
 doi = {10.1145/2527269.2527291},
 acmid = {2527291},
 publisher = {ACM},
 address = {New York, NY, USA},
 keywords = {constraint satisfaction, formal methods, model checking, program synthesis., satisfiability modulo theories, specification, theorem proving, verification},
}

@inproceedings{Qian:2012:SSM:2213836.2213846,
 author = {Qian, Li and Cafarella, Michael J. and Jagadish, H. V.},
 title = {Sample-driven Schema Mapping},
 booktitle = {Proceedings of the 2012 ACM SIGMOD International Conference on Management of Data},
 series = {SIGMOD '12},
 year = {2012},
 isbn = {978-1-4503-1247-9},
 location = {Scottsdale, Arizona, USA},
 pages = {73--84},
 numpages = {12},
 url = {http://doi.acm.org/10.1145/2213836.2213846},
 doi = {10.1145/2213836.2213846},
 acmid = {2213846},
 publisher = {ACM},
 address = {New York, NY, USA},
 keywords = {data integration, sample-driven, schema mapping, usability},
}

@article{Herrmann:1994:ISA:191033.191068,
 author = {Herrmann, Nira and Popyack, Jeffrey L.},
 title = {An Integrated, Software-based Approach to Teaching Introductory Computer Programming},
 journal = {SIGCSE Bull.},
 issue_date = {March 1994},
 volume = {26},
 number = {1},
 month = mar,
 year = {1994},
 issn = {0097-8418},
 pages = {92--96},
 numpages = {5},
 url = {http://doi.acm.org/10.1145/191033.191068},
 doi = {10.1145/191033.191068},
 acmid = {191068},
 publisher = {ACM},
 address = {New York, NY, USA},
}

@inproceedings{Herrmann:1994:ISA:191029.191068,
 author = {Herrmann, Nira and Popyack, Jeffrey L.},
 title = {An Integrated, Software-based Approach to Teaching Introductory Computer Programming},
 booktitle = {Proceedings of the Twenty-fifth SIGCSE Symposium on Computer Science Education},
 series = {SIGCSE '94},
 year = {1994},
 isbn = {0-89791-646-8},
 location = {Phoenix, Arizona, USA},
 pages = {92--96},
 numpages = {5},
 url = {http://doi.acm.org/10.1145/191029.191068},
 doi = {10.1145/191029.191068},
 acmid = {191068},
 publisher = {ACM},
 address = {New York, NY, USA},
}

@inproceedings{Huo:2008:KVQ:1385569.1385609,
 author = {Huo, Jiwen},
 title = {KMVQL: A Visual Query Interface Based on Karnaugh Map},
 booktitle = {Proceedings of the Working Conference on Advanced Visual Interfaces},
 series = {AVI '08},
 year = {2008},
 isbn = {978-1-60558-141-5},
 location = {Napoli, Italy},
 pages = {243--250},
 numpages = {8},
 url = {http://doi.acm.org/10.1145/1385569.1385609},
 doi = {10.1145/1385569.1385609},
 acmid = {1385609},
 publisher = {ACM},
 address = {New York, NY, USA},
 keywords = {Karnuagh map, direct manipulation, query formulation, visual query, visualization},
}

@inproceedings{Brown:2000:IMS:570475.570483,
 author = {Brown, Richard L. W.},
 title = {Interest Made Simple with Arrays},
 booktitle = {Proceedings of the International Conference on APL-Berlin-2000 Conference},
 series = {APL '00},
 year = {2000},
 isbn = {1-58113-182-8},
 location = {Berlin, Germany},
 pages = {55--60},
 numpages = {6},
 url = {http://doi.acm.org/10.1145/570475.570483},
 doi = {10.1145/570475.570483},
 acmid = {570483},
 publisher = {ACM},
 address = {New York, NY, USA},
}

@article{Brown:2000:IMS:570440.570483,
 author = {Brown, Richard L. W.},
 title = {Interest Made Simple with Arrays},
 journal = {SIGAPL APL Quote Quad},
 issue_date = {June 2000},
 volume = {30},
 number = {4},
 month = jun,
 year = {2000},
 issn = {0163-6006},
 pages = {55--60},
 numpages = {6},
 url = {http://doi.acm.org/10.1145/570440.570483},
 doi = {10.1145/570440.570483},
 acmid = {570483},
 publisher = {ACM},
 address = {New York, NY, USA},
}

@inproceedings{Crissey:1985:ICS:320599.322567,
 author = {Crissey, Brian and Sanders, Dean},
 title = {Introducing Computer Science in a Liberal Arts College (Abstract Only)},
 booktitle = {Proceedings of the 1985 ACM Thirteenth Annual Conference on Computer Science},
 series = {CSC '85},
 year = {1985},
 isbn = {0-89791-150-4},
 location = {New Orleans, Louisiana, USA},
 pages = {431--},
 url = {http://doi.acm.org/10.1145/320599.322567},
 doi = {10.1145/320599.322567},
 acmid = {322567},
 publisher = {ACM},
 address = {New York, NY, USA},
}

@article{Edwards:2005:SUS:1103845.1094851,
 author = {Edwards, Jonathan},
 title = {Subtext: Uncovering the Simplicity of Programming},
 journal = {SIGPLAN Not.},
 issue_date = {October 2005},
 volume = {40},
 number = {10},
 month = oct,
 year = {2005},
 issn = {0362-1340},
 pages = {505--518},
 numpages = {14},
 url = {http://doi.acm.org/10.1145/1103845.1094851},
 doi = {10.1145/1103845.1094851},
 acmid = {1094851},
 publisher = {ACM},
 address = {New York, NY, USA},
 keywords = {copying, non-textual programming, prototypes, visual programming},
}

@inproceedings{Edwards:2005:SUS:1094811.1094851,
 author = {Edwards, Jonathan},
 title = {Subtext: Uncovering the Simplicity of Programming},
 booktitle = {Proceedings of the 20th Annual ACM SIGPLAN Conference on Object-oriented Programming, Systems, Languages, and Applications},
 series = {OOPSLA '05},
 year = {2005},
 isbn = {1-59593-031-0},
 location = {San Diego, CA, USA},
 pages = {505--518},
 numpages = {14},
 url = {http://doi.acm.org/10.1145/1094811.1094851},
 doi = {10.1145/1094811.1094851},
 acmid = {1094851},
 publisher = {ACM},
 address = {New York, NY, USA},
 keywords = {copying, non-textual programming, prototypes, visual programming},
}

@inproceedings{Holsapple:1984:AIS:1499310.1499350,
 author = {Holsapple, Clyde W. and Whinston, Andrew B.},
 title = {Aspects of Integrated Software},
 booktitle = {Proceedings of the July 9-12, 1984, National Computer Conference and Exposition},
 series = {AFIPS '84},
 year = {1984},
 isbn = {0-88283-043-0},
 location = {Las Vegas, Nevada},
 pages = {311--317},
 numpages = {7},
 url = {http://doi.acm.org/10.1145/1499310.1499350},
 doi = {10.1145/1499310.1499350},
 acmid = {1499350},
 publisher = {ACM},
 address = {New York, NY, USA},
}

@article{Minsky:2011:OM:2018396.2018413,
 author = {Minsky, Yaron},
 title = {OCaml for the Masses},
 journal = {Commun. ACM},
 issue_date = {November 2011},
 volume = {54},
 number = {11},
 month = nov,
 year = {2011},
 issn = {0001-0782},
 pages = {53--58},
 numpages = {6},
 url = {http://doi.acm.org/10.1145/2018396.2018413},
 doi = {10.1145/2018396.2018413},
 acmid = {2018413},
 publisher = {ACM},
 address = {New York, NY, USA},
}

@article{Karinthi:1987:IRP:960114.29654,
 author = {Karinthi, R. R. and Weiser, M.},
 title = {Incremental Re-execution of Programs},
 journal = {SIGPLAN Not.},
 issue_date = {July 1987},
 volume = {22},
 number = {7},
 month = jul,
 year = {1987},
 issn = {0362-1340},
 pages = {38--44},
 numpages = {7},
 url = {http://doi.acm.org/10.1145/960114.29654},
 doi = {10.1145/960114.29654},
 acmid = {29654},
 publisher = {ACM},
 address = {New York, NY, USA},
}

@inproceedings{Karinthi:1987:IRP:29650.29654,
 author = {Karinthi, R. R. and Weiser, M.},
 title = {Incremental Re-execution of Programs},
 booktitle = {Papers of the Symposium on Interpreters and Interpretive Techniques},
 series = {SIGPLAN '87},
 year = {1987},
 isbn = {0-89791-235-7},
 location = {St. Paul, Minnesota, USA},
 pages = {38--44},
 numpages = {7},
 url = {http://doi.acm.org/10.1145/29650.29654},
 doi = {10.1145/29650.29654},
 acmid = {29654},
 publisher = {ACM},
 address = {New York, NY, USA},
}

@inproceedings{Liu:2006:IBD:1149993.1150015,
 author = {Liu, Yan and Vincent, Sorna and Murphy, Marguerite C.},
 title = {Integrating Bioinformatic Data Sources over the SFSU ER Design Tools XML Databus},
 booktitle = {Workshop Proceedings of the Sixth International Conference on Web Engineering},
 series = {ICWE '06},
 year = {2006},
 isbn = {1-59593-435-9},
 location = {Palo Alto, California, USA},
 articleno = {19},
 url = {http://doi.acm.org/10.1145/1149993.1150015},
 doi = {10.1145/1149993.1150015},
 acmid = {1150015},
 publisher = {ACM},
 address = {New York, NY, USA},
 keywords = {Web services data integration, distributed query processing, join processing, schema integration},
}

@book{Reiser:1991:OSU:102909,
 author = {Reiser, Martin},
 title = {The Oberon System: User Guide and Programmer's Manual},
 year = {1991},
 isbn = {0-201-54422-9},
 source = {ACM member price \$33.95, order number 706902},
 publisher = {ACM},
 address = {New York, NY, USA},
}

@inproceedings{Chamanara:2012:SQL:2389686.2389690,
 author = {Chamanara, Javad and K\"{o}nig-Ries, Birgitta},
 title = {SciQL: A Query Language for Unified Scientific Data Processing and Management},
 booktitle = {Proceedings of the 5th Ph.D. Workshop on Information and Knowledge},
 series = {PIKM '12},
 year = {2012},
 isbn = {978-1-4503-1719-1},
 location = {Maui, Hawaii, USA},
 pages = {17--24},
 numpages = {8},
 url = {http://doi.acm.org/10.1145/2389686.2389690},
 doi = {10.1145/2389686.2389690},
 acmid = {2389690},
 publisher = {ACM},
 address = {New York, NY, USA},
 keywords = {data lifecycle management, scientific data processing, scientific query language},
}

@inproceedings{Whisnant:2010:ESC:1878335.1878403,
 author = {Whisnant, Austin and Childress, Jean},
 title = {Empowering Students to Create Work Schedules That Work},
 booktitle = {Proceedings of the 38th  Annual ACM SIGUCCS Fall Conference: Navigation and Discovery},
 series = {SIGUCCS '10},
 year = {2010},
 isbn = {978-1-4503-0003-2},
 location = {Norfolk, Virginia, USA},
 pages = {273--276},
 numpages = {4},
 url = {http://doi.acm.org/10.1145/1878335.1878403},
 doi = {10.1145/1878335.1878403},
 acmid = {1878403},
 publisher = {ACM},
 address = {New York, NY, USA},
 keywords = {management, scheduling, student employees},
}

@article{L'Ecuyer:1990:RNS:84537.84555,
 author = {L'Ecuyer, Pierre},
 title = {Random Numbers for Simulation},
 journal = {Commun. ACM},
 issue_date = {Oct. 1990},
 volume = {33},
 number = {10},
 month = oct,
 year = {1990},
 issn = {0001-0782},
 pages = {85--97},
 numpages = {13},
 url = {http://doi.acm.org/10.1145/84537.84555},
 doi = {10.1145/84537.84555},
 acmid = {84555},
 publisher = {ACM},
 address = {New York, NY, USA},
}

@article{Behrens:1998:PLA:269012.269017,
 author = {Behrens, Brian C. and Levary, Reuven R.},
 title = {Practical Legal Aspects of Software Reverse Engineering},
 journal = {Commun. ACM},
 issue_date = {Feb. 1998},
 volume = {41},
 number = {2},
 month = feb,
 year = {1998},
 issn = {0001-0782},
 pages = {27--29},
 numpages = {3},
 url = {http://doi.acm.org/10.1145/269012.269017},
 doi = {10.1145/269012.269017},
 acmid = {269017},
 publisher = {ACM},
 address = {New York, NY, USA},
}

@inproceedings{Grillenberger:2012:ENW:2481449.2481474,
 author = {Grillenberger, Andreas and Brinda, Torsten},
 title = {eledSQL: A New Web-based Learning Environment for Teaching Databases and SQL at Secondary School Level},
 booktitle = {Proceedings of the 7th Workshop in Primary and Secondary Computing Education},
 series = {WiPSCE '12},
 year = {2012},
 isbn = {978-1-4503-1787-0},
 location = {Hamburg, Germany},
 pages = {101--104},
 numpages = {4},
 url = {http://doi.acm.org/10.1145/2481449.2481474},
 doi = {10.1145/2481449.2481474},
 acmid = {2481474},
 publisher = {ACM},
 address = {New York, NY, USA},
 keywords = {SQL, databases, learning environment, mobile learning, secondary education, tools, web-based learning},
}

@inproceedings{Triplet:2013:BGF:2480362.2480612,
 author = {Triplet, Thomas and Butler, Gregory},
 title = {BenchDW: A Generic Framework for Biological Data Warehouse Benchmarking},
 booktitle = {Proceedings of the 28th Annual ACM Symposium on Applied Computing},
 series = {SAC '13},
 year = {2013},
 isbn = {978-1-4503-1656-9},
 location = {Coimbra, Portugal},
 pages = {1328--1334},
 numpages = {7},
 url = {http://doi.acm.org/10.1145/2480362.2480612},
 doi = {10.1145/2480362.2480612},
 acmid = {2480612},
 publisher = {ACM},
 address = {New York, NY, USA},
 keywords = {benchmark, data integration, data warehousing, genomics, systems biology},
}

@article{Myers:1994:CHD:174800.174808,
 author = {Myers, Brad},
 title = {Challenges of HCI Design and Implementation},
 journal = {interactions},
 issue_date = {Jan. 1994},
 volume = {1},
 number = {1},
 month = jan,
 year = {1994},
 issn = {1072-5520},
 pages = {73--83},
 numpages = {11},
 url = {http://doi.acm.org/10.1145/174800.174808},
 doi = {10.1145/174800.174808},
 acmid = {174808},
 publisher = {ACM},
 address = {New York, NY, USA},
}

@inproceedings{Harrell:2001:HSM:564124.564155,
 author = {Harrell, Charles R. and Lange, Victor},
 title = {Healthcare Simulation Modeling and Optimization Using MedModel},
 booktitle = {Proceedings of the 33Nd Conference on Winter Simulation},
 series = {WSC '01},
 year = {2001},
 isbn = {0-7803-7309-X},
 location = {Arlington, Virginia},
 pages = {233--238},
 numpages = {6},
 url = {http://dl.acm.org/citation.cfm?id=564124.564155},
 acmid = {564155},
 publisher = {IEEE Computer Society},
 address = {Washington, DC, USA},
}

@inproceedings{Downing:1985:ACS:318741.318743,
 author = {Downing, Linda and Jacobson, Ellen and Chambers, Doug},
 title = {The ABC's of Customer Support Academic and Business Aspects of Customer Support: A Perspective on Marketing Our Services},
 booktitle = {Proceedings of the 13th Annual ACM SIGUCCS Conference on User Services: Pulling It All Together},
 series = {SIGUCCS '85},
 year = {1985},
 isbn = {0-89791-167-9},
 location = {Toledo, Ohio, USA},
 pages = {9--12},
 numpages = {4},
 url = {http://doi.acm.org/10.1145/318741.318743},
 doi = {10.1145/318741.318743},
 acmid = {318743},
 publisher = {ACM},
 address = {New York, NY, USA},
}

@proceedings{Levialdi:1998:948496,
 editor = {Catarci, Tiziana and Costabile, Maria Francesca and Santucci, Giuseppe and Taranfino, Laura},
 title = {AVI '98: Proceedings of the Working Conference on Advanced Visual Interfaces},
 year = {1998},
 location = {L'Aquila, Italy},
 publisher = {ACM},
 address = {New York, NY, USA},
}

@article{Linton:1996:POL:242206.242329,
 author = {Linton, Frank},
 title = {Promoting the Organization-wide Learning of Application Software},
 journal = {SIGOIS Bull.},
 issue_date = {Dec. 1996},
 volume = {17},
 number = {3},
 month = dec,
 year = {1996},
 issn = {0894-0819},
 pages = {70--72},
 numpages = {3},
 url = {http://doi.acm.org/10.1145/242206.242329},
 doi = {10.1145/242206.242329},
 acmid = {242329},
 publisher = {ACM},
 address = {New York, NY, USA},
}

@article{MacKnight:1989:ETM:67933.67940,
 author = {MacKnight, Carol B. and Balagopalan, Santosh},
 title = {An Evaluation Tool for Measuring Authoring System Performance},
 journal = {Commun. ACM},
 issue_date = {Oct. 1989},
 volume = {32},
 number = {10},
 month = oct,
 year = {1989},
 issn = {0001-0782},
 pages = {1231--1236},
 numpages = {6},
 url = {http://doi.acm.org/10.1145/67933.67940},
 doi = {10.1145/67933.67940},
 acmid = {67940},
 publisher = {ACM},
 address = {New York, NY, USA},
}

@inproceedings{Ashworth:1992:SMA:1125021.1125032,
 author = {Ashworth, Catherine A.},
 title = {Specialized Methods Do Not Always Increase Efficiency},
 booktitle = {Posters and Short Talks of the 1992 SIGCHI Conference on Human Factors in Computing Systems},
 series = {CHI '92},
 year = {1992},
 location = {Monterey, California},
 pages = {12--12},
 numpages = {1},
 url = {http://doi.acm.org/10.1145/1125021.1125032},
 doi = {10.1145/1125021.1125032},
 acmid = {1125032},
 publisher = {ACM},
 address = {New York, NY, USA},
}

@article{Scheifler:1986:XWS:22949.24053,
 author = {Scheifler, Robert W. and Gettys, Jim},
 title = {The X Window System},
 journal = {ACM Trans. Graph.},
 issue_date = {April 1986},
 volume = {5},
 number = {2},
 month = apr,
 year = {1986},
 issn = {0730-0301},
 pages = {79--109},
 numpages = {31},
 url = {http://doi.acm.org/10.1145/22949.24053},
 doi = {10.1145/22949.24053},
 acmid = {24053},
 publisher = {ACM},
 address = {New York, NY, USA},
}

@inproceedings{Curry:2004:HXB:1161734.1162010,
 author = {Curry, Richard and Vlahos, Kiriakos},
 title = {HDPS, an XML/XSLT Based Hierarchal Modeling System},
 booktitle = {Proceedings of the 36th Conference on Winter Simulation},
 series = {WSC '04},
 year = {2004},
 isbn = {0-7803-8786-4},
 location = {Washington, D.C.},
 pages = {1502--1509},
 numpages = {8},
 url = {http://dl.acm.org/citation.cfm?id=1161734.1162010},
 acmid = {1162010},
 publisher = {Winter Simulation Conference},
}

@inproceedings{Balakrishnan:2008:VIS:1357054.1357246,
 author = {Balakrishnan, Aruna D. and Fussell, Susan R. and Kiesler, Sara},
 title = {Do Visualizations Improve Synchronous Remote Collaboration?},
 booktitle = {Proceedings of the SIGCHI Conference on Human Factors in Computing Systems},
 series = {CHI '08},
 year = {2008},
 isbn = {978-1-60558-011-1},
 location = {Florence, Italy},
 pages = {1227--1236},
 numpages = {10},
 url = {http://doi.acm.org/10.1145/1357054.1357246},
 doi = {10.1145/1357054.1357246},
 acmid = {1357246},
 publisher = {ACM},
 address = {New York, NY, USA},
 keywords = {collaboration, communication, cscw, distributed work, empirical studies, information visualization},
}

@inproceedings{Nowak:2008:HPV:1391469.1391620,
 author = {Nowak, Matt and Corleto, Jose and Chun, Christopher and Radojcic, Riko},
 title = {Holistic Pathfinding: Virtual Wireless Chip Design for Advanced Technology and Design Exploration},
 booktitle = {Proceedings of the 45th Annual Design Automation Conference},
 series = {DAC '08},
 year = {2008},
 isbn = {978-1-60558-115-6},
 location = {Anaheim, California},
 pages = {593--593},
 numpages = {1},
 url = {http://doi.acm.org/10.1145/1391469.1391620},
 doi = {10.1145/1391469.1391620},
 acmid = {1391620},
 publisher = {ACM},
 address = {New York, NY, USA},
 keywords = {design exploration, design technology integration, pathfinding},
}

@inproceedings{Mariani:2007:UIS:1266366.1266472,
 author = {Mariani, Riccardo and Boschi, Gabriele and Colucci, Federico},
 title = {Using an Innovative SoC-level FMEA Methodology to Design in Compliance with IEC61508},
 booktitle = {Proceedings of the Conference on Design, Automation and Test in Europe},
 series = {DATE '07},
 year = {2007},
 isbn = {978-3-9810801-2-4},
 location = {Nice, France},
 pages = {492--497},
 numpages = {6},
 url = {http://dl.acm.org/citation.cfm?id=1266366.1266472},
 acmid = {1266472},
 publisher = {EDA Consortium},
 address = {San Jose, CA, USA},
}

@article{Svobodova:1984:FSN:3872.3873,
 author = {Svobodova, Liba},
 title = {File Servers for Network-based Distributed Systems},
 journal = {ACM Comput. Surv.},
 issue_date = {Dec. 1984},
 volume = {16},
 number = {4},
 month = dec,
 year = {1984},
 issn = {0360-0300},
 pages = {353--398},
 numpages = {46},
 url = {http://doi.acm.org/10.1145/3872.3873},
 doi = {10.1145/3872.3873},
 acmid = {3873},
 publisher = {ACM},
 address = {New York, NY, USA},
}
